@legislation{EU-cybersecurity-act,
    author={European Commission},
    title={The EU Cybersecurity Act},
    url={https://digital-strategy.ec.europa.eu/en/policies/cybersecurity-act},
    date={2023-04-23}
}
