@legislation{EU-cybersecurity-act,
    author = {European Commission},
    title = {The EU Cybersecurity Act},
    url = {https://digital-strategy.ec.europa.eu/en/policies/cybersecurity-act},
    date = {2023-04-23},
}

@inproceedings{neisse2017blockchain,
    title = {A blockchain-based approach for data accountability and provenance
             tracking},
    author = {Neisse, Ricardo and Steri, Gary and Nai-Fovino, Igor},
    booktitle = {Proceedings of the 12th international conference on
                 availability, reliability and security},
    pages = {1--10},
    year = {2017},
}

@techreport{dodson2021securing,
    title = {Securing small-business and home internet of things (iot) devices:
             Mitigating network-based attacks using manufacturer usage
             description (mud)},
    author = {Dodson, Donna and Montgomery, Douglas and Polk, William and
              Ranganathan, Mudumbai and Souppaya, Murugiah and Johnson, Steve and
              Kadam, Ashwini and Pratt, Craig and Thakore, Darshak and Walker,
              Mark and others},
    year = {2021},
    institution = {National Institute of Standards and Technology},
}

@article{vinagrero2023sram,
    title = {SRaM-Based PUF Readouts},
    author = {Vinagrero, Sergio and Martin, Honorio and de Bignicourt, Alice and
              Vatajelu, Elena-Ioana and Di Natale, Giorgio},
    journal = {Scientific Data},
    volume = {10},
    number = {1},
    pages = {333},
    year = {2023},
    publisher = {Nature Publishing Group UK London},
}

@online{trusted-iot-draft,
    title = {Trusted IoT Device Network-Layer Onboarding and Lifecycle
             Management},
    url = {
           https://www.nccoe.nist.gov/projects/trusted-iot-device-network-layer-onboarding-and-lifecycle-management
           },
    urldate={2023-06-28},
    year = {2023},
    publisher = {NCCoE: National Cybersecurity Center of Excellence},
}

% ignore for now
@article{watrobski2023trustediot,
    title = {Trusted IoT Device Network-Layer Onboarding and Lifecycle
             Management},
    author = {Watrobski, Paul and Souppaya, Murugiah and Barker, William C and
              Symington, Susan and Grayeli, Parisa and Klosterman, Joshua and
              Mulugeta, Blaine},
    year = {2023},
    publisher = {NCCoE: National Cybersecurity Center of Excellence},
}
